<?xml version="1.0" encoding="UTF-8"?><collection xmlns="http://www.loc.gov/MARC21/slim"><record><leader>00521nam--2200193-i-4500</leader><controlfield tag="001">000012477</controlfield><controlfield tag="002">20161230</controlfield><controlfield tag="005">20161230201029</controlfield><controlfield tag="008">060222s1000------------r-----000-0-rum-d</controlfield><datafield ind1=" " ind2=" " tag="040"><subfield code="a">IFIN-HH</subfield></datafield><datafield ind1=" " ind2=" " tag="041"><subfield code="a">rum</subfield></datafield><datafield ind1=" " ind2=" " tag="080"><subfield code="a">519.688</subfield></datafield><datafield ind1="1" ind2=" " tag="100"><subfield code="a">Chihernea, Virgil</subfield></datafield><datafield ind1="1" ind2="0" tag="245"><subfield code="a">Ghid de utilizare a modului de programare liniara</subfield><subfield code="c">Virgil chihernea, c. apostol</subfield></datafield><datafield ind1=" " ind2=" " tag="260"><subfield code="a">Bucuresti</subfield><subfield code="b">Minister.Muncii, Icop</subfield><subfield code="c">/F.An</subfield></datafield><datafield ind1=" " ind2=" " tag="300"><subfield code="a">103 P</subfield></datafield><datafield ind1="1" ind2=" " tag="700"><subfield code="a">Apostol, C</subfield></datafield><datafield ind1=" " ind2=" " tag="852"><subfield code="a">45518</subfield><subfield code="c">519.283</subfield></datafield><datafield ind1=" " ind2=" " tag="CAT"><subfield code="a">Sys</subfield><subfield code="c">20130808</subfield><subfield code="h">131209</subfield></datafield></record></collection>